@online{Adzi12,
	author = {Gojko Adzic},
	title = {What is impact mapping?},
	year = {2012},
	url = {impactmapping.org/about.php}
	}
	
@Book{Agil01,
	author = {Jim Highsmith},
	title = {Agile Software Development Ecosystems: Problems, Practices, and Principles},
	publisher = {Addison-Wesley},
	year = {2001}
	}

@book{Andr03,
    author = {Andrew Rollings and Ernest Adams},
    title = "On Game Design",
    publisher = "New Riders",
    year = "2003"
}
	
@book{backbook,
    author = {Dr. E. Coudeyre and Pr. S. Poiraudeau},
    title = "Le Guide du Dos",
    publisher = "The Stationer Office",
    year = "2004"	
}

@Article{Bara97,
	author = {Baranowski, T. and Lin, L. S. and Wetter, D. W. and Resnicow, K. and Hearn, M. D.},
	title = {Theory as mediating variables: Why aren’t community interventions working as desired},
	journal = {Annals of Epidemiology, S7, S89-S95},
	year = {1997}
}

@article{Bara08,
	author = {Baranowski, T. and Buday, R. and Thompson, D. and Baranowski, J.},
	title = {Playing for real: Video games and stories for health-related behavior change},
	journal = {American Journal of Preventive Medicine},
	year = {2008}
}

@Article{Burk02,
	author = {Robin Burke},
	title = {Hybrid Recommender Systems: Survey and Experiments},
	journal = {User Modeling and User-Adapted Interaction},
	year = {2002}
}

@online{Cast11,
	author = {Vincent Castaignet},
	title = {La recommandation musicale, entre musicologie et algorithmique},
	year = {2011},
	url = {http://www.musiqueinfo.com}
}

@inproceedings{Burk09,
  title={Serious games for upper limb rehabilitation following stroke},
  author={Burke, James William and McNeill, MDJ and Charles, DK and Morrow, Philip J and Crosbie, JH and McDonough, SM},
  booktitle={Games and Virtual Worlds for Serious Applications, 2009. VS-GAMES'09. Conference in},
  pages={103--110},
  year={2009},
  organization={IEEE}
}

@article{Chen07,
	author="J. Chen",
	title="Flow in Games",
	journal=" Communications of the ACM magazine",
	year="2007"
}

@article{Curt11,
	author="Rutledge",
	title="The Positive Side of Video Games",
	journal="paperblog",
	year="2011"
}

@techreport{Cnc11,
	author="Institut Gfk",
	title={Les pratiques de consommation de jeux vid{\'e}o des Fran\c{c}ais},
	institution={Centre National du Cin{\'e}ma et de l'image anim{\'e}e},
	year="2011"
}

@book{Csik75,
    author = {Mih{\'a}ly Cs{\'i}kszentmih{\'a}lyi},
    title = "Beyond Boredom and Anxiety",
    publisher = "Jossey Bass",
    year = "1975"
 }
 
@book{Csik88,
    author = {Mih{\'a}ly Cs{\'i}kszentmih{\'a}lyi},
    title = "The flow experience and its significance for human psychology",
    publisher = "Cambridge University Press",
    year = "1988"
 }

@book{Csik91,
    author = {Mih{\'a}ly Cs{\'i}kszentmih{\'a}lyi},
    title = "Flow : The psychology of optimal experience.",
    publisher = "HarperCollins Publishers.",
    year = "1991"
 }
 
@article{Csik97,
    author = {Mih{\'a}ly Cs{\'i}kszentmih{\'a}lyi},
    title = "Finding Flow",
    journal = "",
    year = "1997"
 }
 
 @online{Dire12,
 author = {Direction générale de l’organisation des soins },
 title = {Les chiffres clés de l’AVC},
 year = {2012},
 url = {http://www.sante.gouv.fr/les-chiffres-cles-de-l-avc.html},
 OPTorganization = {Direction Générale de la Santé},
 OPTmonth = {October}
} 
 
@Article{Dris84,
	 author = {JE Driskell and DJ Dwyer},
	 title = {Microcomputer Videogame Based Training},
	 journal = {Educational Technology},
	 year = {1984}
 }
 
@article{Gee05,
	author = "J.P. Gee",
	title = "Learning by Design: good video games as learning machines",
	journal = "E–Learning, Volume 2, Number 1",
	year = "2005"
}

 @article{Gee04,
	author = "J.P. Gee",
	title = "Situated Language and Learning: a critique of traditional schooling",
	journal = "London: Routledge",
	year = "2005"
}

@article{Goud07,
	author = {Goude, D. and Björk, S. and Rydmark, M},
	title = {Game Design in Virtual Reality Systems for Stroke Rehabilitation},
	journal = {Medicine Meets Virtual Reality 15},
	year = {2007}
}

 @article{Juul05,
  title={Half-real: Video games between real rules and fictional worlds},
  author={Juul, Jesper},
  year={2005},
  publisher={The MIT press}
}
 
@inproceedings{Flor08,
  title={Improving patient motivation in game development for motor deficit rehabilitation},
  author={Flores, Eletha and Tobon, Gabriel and Cavallaro, Ettore and Cavallaro, Francesca I and Perry, Joel C and Keller, Thierry},
  booktitle={Proceedings of the 2008 International Conference on Advances in Computer Entertainment Technology},
  pages={381--384},
  year={2008},
  organization={ACM}
} 
 
@Article{Gerl11,
 author = {Kathrin Gerling and Maic Masuch},
 title = {When Gaming is not Suitable for Everyone: Playtesting Wii Games with Frail Elderly},
 journal = {Workshop on Game Accessibility},
 year = {2011}
 }  
 
@Article{Hoci11,
	author = {Nadia Hocine and Abdelkader Gouaïch and Ines Di Loreto and Lylia Abrouk},
	title = {Etat de l'art des techniques d'adaptation dans les jeux ludiques et s{\'e}rieux},
	journal = {RIA},
	year = {2011},
}

@Book{Inno12,
author = {Luke Hohmann},
title = {Innovation Games},
publisher = {Luke Hohmann},
year = {2012},
note = {Creating breakthrough products through collaborative play}
}

@phdthesis{Levi11,
  title={Mesure de la difficult{\'e} des jeux vid{\'e}o},
  author={Levieux, Guillaume},
  year={2011},
  school={Conservatoire national des arts et metiers-CNAM}
}

@book{Mcgo11,
  title={Reality is broken: Why games make us better and how they can change the world},
  author={McGonigal, Jane},
  year={2011},
  publisher={Penguin. com}
}

@article{Metr13,
	author ="Julien Metrot and Denis Mottet and Isabelle Hauret and Liesjet van Dokkum and Huei-Yune Bonnin-Koang and Kjerstin Torre and Isabelle Laffont",
	title = "Changes in Bimanual Coordination During the First 6 Weeks After Moderate Hemiparetic Stroke",
	journal ="Neurorehabil Neural Repair",
	year ="2013"
}

@article{Murp11,
	author="Curtiss Murphy",
	title="Why Games Work and the Science of Learning ",
	journal="gametools",
	year="2011"
}

@article{Nat09,
  title={Du ludo-{\'e}ducatif aux jeux vid{\'e}o {\'e}ducatifs},
  author={Natkin, St{\'e}phane},
  journal={Les dossiers de l’ing{\'e}nierie {\'e}ducative},
  volume={65},
  pages={12--15},
  year={2009}
}

@article{Rocr09,
	author = "Carl Rocray",
	title= {Jeu Vid{\'e}o et Conditionnement Comportemental},
	journal="Le Panoptique",
	year="2009"
}
 
@book{Roll03,
	author = "Andrew Rollings and Ernest Adams",
	title ="On Game Design",
	publisher ="New Riders",
	year ="2003"
}
 
@article{Rutl12,
 	author="Pamela Rutledge",
  	title="The Positive Side of Video Games",
 	journal="paperblog",
 	year="2012"
}

@article{Ryan00,
  title={Self-determination theory and the facilitation of intrinsic motivation, social development, and well-being.},
  author={Ryan, Richard M and Deci, Edward L},
  journal={American psychologist},
  volume={55},
  number={1},
  pages={68},
  year={2000},
  publisher={American Psychological Association}
}

@Misc{Scac11,
author = {Walt Scacchi},
title = {Computer Games and Virtual Worlds: New Modalities of Rehabilitation and Therapy},
howpublished = {Orange County Stroke Rehab Network - Continuing Education Workshop},
month = {Nov.},
year = {2011}
}


@Article{Stok05,
	author = {Stokes B},
	title = {Video games have changed: Time to consider “serious games.”},
	journal = {The Development Education Journal},
	year = {2005},
}

@book{Suit05,
    author = {Bernard Suits},
    title = "The Grasshopper: Games, Life and Utopia",
    publisher = "Broadview Press",
    year ="2005"
}

@book{Sutt98,
    author = {Richard S. Sutton and Andrew G. Barto.},
    title = "Reinforcement learning : an introduction",
    publisher = "",
    year = "1998"
}
 
 @article{Whit04,
	 author ="Whitall J.",
	 title = "Stroke rehabilitation research: time to answer more specific questions?",
	 journal = "Neurorehabil Neural Repair",
	 year ="2004"
 }
 
@misc{wiki:cp,
   author = "Wikipédia",
   title = "Conception participative",
   year = "2013",
   url = "\url{http://fr.wikipedia.org/w/index.php?title=Conception_participative&oldid=87919540}"}
   
@article{Wils09,
	author = "Wilson and Bedwell and Lazzara and Salas and Burke and Estock and Orvis and Conkey",
	title ="Relationships Between Game Attributes and Learning Outcomes : Review and Research Proposals",
	journal = "Simulation \& Gaming",
	year ="2009"
}