%@inbook{Cana13,
	%author/editor, title, chapter/pages, publisher, year
	
@book{backbook,
    author = {Dr. E. Coudeyre and Pr. S. Poiraudeau},
    title = "Le Guide du Dos",
    publisher = "The Stationer Office",
    year = "2004"	
}

@book{Csik75,
    author = {Mih{\'a}ly Cs{\'i}kszentmih{\'a}lyi},
    title = "Beyond Boredom and Anxiety",
    publisher = "Jossey Bass",
    year = "1975"
 }
 
@book{Csik91,
    author = {Mih{\'a}ly Cs{\'i}kszentmih{\'a}lyi},
    title = "Flow : The psychology of optimal experience.",
    publisher = "Harper Perennial",
    year = "1991"
 }
 
@phdthesis {Levi11,
	author = "Guillaume Levieux",
	title = "Mesure de la difficult{\'e} dans les jeux vid{\'e}o",
	school = "Conservatoire National des arts et m{\'e}tiers",
	year = "2011"
}
 
@book{Roll03,
	author = "Andrew Rollings and Ernest Adams",
	title ="On Game Design",
	publisher ="New Riders",
	year ="2003"
}

@book{Suit05,
    author = {Bernard Suits},
    title = "The Grasshopper: Games, Life and Utopia",
    publisher = "Broadview Press",
    year = "2005"
}

@book{Sutt98,
    author = {Richard S. Sutton & Andrew G. Barto.},
    title = "Reinforcement learning : an introduction",
    publisher = "",
    year = "1998"
}
 
@article{Wils08,
	author = "Katherine A. Wilson, Wendy L. Bedwell, Elizabeth H. Lazzara, Eduardo Salas, C. Shawn Burke, Jamie L. Estock, Kara L. Orvis and Curtis Conkey",
	title ="Relationships Between Game Attributes and Learning Outcomes : Review and Research Proposals",
	journal = "Simulation & Gaming",
	year ="2008"
}